<?xml version="1.0" encoding="UTF-8"?><collection xmlns="http://www.loc.gov/MARC21/slim"><record><leader>00367nam--2200121-i-4500</leader><controlfield tag="001">000004964</controlfield><controlfield tag="002">20161230</controlfield><controlfield tag="005">20161230201026</controlfield><controlfield tag="008">060222s1000------------r-----000-0-eng-d</controlfield><datafield ind1=" " ind2=" " tag="245"><subfield code="a">Bibliographie de la documentation et de la bibliotheconomie.annee:1959</subfield></datafield><datafield ind1=" " ind2=" " tag="260"><subfield code="a">La Haye,Willem Witsenplein,1959</subfield></datafield><datafield ind1=" " ind2=" " tag="490"><subfield code="a">Federation Internationale De Documentation,</subfield></datafield><datafield ind1=" " ind2=" " tag="852"><subfield code="a">D.1023</subfield></datafield></record></collection>